<collection xmlns="http://www.loc.gov/MARC21/slim">
<record>
  <leader>01941nam0a22002651i 450 </leader>
  <controlfield tag="001">IT\ICCU\CNCE\056184</controlfield>
  <controlfield tag="005">20110321000000.0</controlfield>
  <datafield tag="100" ind1=" " ind2=" ">
    <subfield code="a">20040309f1567        0itac0103    ba</subfield>
  </datafield>
  <datafield tag="101" ind1=" " ind2=" ">
    <subfield code="a">ITA</subfield>
  </datafield>
  <datafield tag="102" ind1=" " ind2=" ">
    <subfield code="a">IT</subfield>
  </datafield>
  <datafield tag="200" ind1="1" ind2=" ">
    <subfield code="a">Queste sono le opere pie che essercita ordinariamente con la gratia de Iddio la devota Compagnia della Santissima Trinit ̉cognominata del Subsidio nell&apos;alma citt ̉di Roma. Le quale opere sono state stampate solo per edificatione del prossimo, et per satisfattione de tutti quelli che desiderano saperle et esserne ad pieno informati</subfield>
  </datafield>
  <datafield tag="210" ind1=" " ind2=" ">
    <subfield code="d">\1567!</subfield>
  </datafield>
  <datafield tag="215" ind1=" " ind2=" ">
    <subfield code="a">1 foglio</subfield>
  </datafield>
  <datafield tag="300" ind1=" " ind2=" ">
    <subfield code="a">Per la data e il tipografo, Antonio Blado, cfr. Catalogo delle edizioni romane di Antonio Blado Asolano ed eredi, v.III, n. 1953.DOPPIA 15627</subfield>
  </datafield>
  <datafield tag="620" ind1=" " ind2=" ">
    <subfield code="a">IT</subfield>
    <subfield code="d">Roma</subfield>
  </datafield>
  <datafield tag="710" ind1="0" ind2="2">
    <subfield code="a"></subfield>
    <subfield code="c"> &lt;Roma&gt;</subfield>
    <subfield code="3">IT\ICCU\CNCT\004166</subfield>
  </datafield>
  <datafield tag="712" ind1="0" ind2="0">
    <subfield code="a">Blado, Antonio - eredi</subfield>
    <subfield code="3">IT\ICCU\CNCT\000148</subfield>
    <subfield code="4">650</subfield>
  </datafield>
  <datafield tag="791" ind1="0" ind2="2">
    <subfield code="a"></subfield>
    <subfield code="c"> &lt;Roma&gt;</subfield>
    <subfield code="3">IT\ICCU\CNCT\004171</subfield>
    <subfield code="z">Arciconfraternita della SS. Trinit ̉&lt;Roma&gt;</subfield>
  </datafield>
  <datafield tag="791" ind1="0" ind2="2">
    <subfield code="a">Archiconfraternitas Sanctissimae Trinitatis de Vrbe</subfield>
    <subfield code="3">IT\ICCU\CNCT\004172</subfield>
    <subfield code="z">Arciconfraternita della SS. Trinit ̉&lt;Roma&gt;</subfield>
  </datafield>
  <datafield tag="791" ind1="0" ind2="2">
    <subfield code="a">Arciconfraternita della SS. Trinit ̉dei Pellegrini e Convalescenti</subfield>
    <subfield code="c"> &lt;Roma&gt;</subfield>
    <subfield code="3">IT\ICCU\CNCT\004173</subfield>
    <subfield code="z">Arciconfraternita della SS. Trinit ̉&lt;Roma&gt;</subfield>
  </datafield>
  <datafield tag="791" ind1="0" ind2="2">
    <subfield code="a">Archiconfraternitas Sanctissimae Trinitatis Peregrinorum et Convalescentium de Vrbe</subfield>
    <subfield code="3">IT\ICCU\CNCT\004174</subfield>
    <subfield code="z">Arciconfraternita della SS. Trinit ̉&lt;Roma&gt;</subfield>
  </datafield>
  <datafield tag="791" ind1="0" ind2="2">
    <subfield code="a">Archiconfraternitas Hospitalis SS. Trinitatis Pauperum Peregrinorum et Convalescentium de Vrbe</subfield>
    <subfield code="3">IT\ICCU\CNCT\004175</subfield>
    <subfield code="z">Arciconfraternita della SS. Trinit ̉&lt;Roma&gt;</subfield>
  </datafield>
  <datafield tag="791" ind1="0" ind2="0">
    <subfield code="a">Archiconfraternita della SS. Trinit,̉ dei Pellegrini e Convalescenti</subfield>
    <subfield code="c"> &lt;Roma&gt;</subfield>
    <subfield code="3">IT\ICCU\CNCT\004318</subfield>
    <subfield code="z">Arciconfraternita della SS. Trinit ̉&lt;Roma&gt;</subfield>
  </datafield>
  <datafield tag="801" ind1=" " ind2="3">
    <subfield code="a">IT</subfield>
    <subfield code="b">ICCU</subfield>
    <subfield code="c">20201115</subfield>
  </datafield>
  <datafield tag="899" ind1=" " ind2=" ">
    <subfield code="a">Biblioteca Apostolica Vaticana. Citt ̉del Vaticano</subfield>
    <subfield code="1">EX0001</subfield>
    <subfield code="2">ZCV 01</subfield>
  </datafield>
</record>
</collection>
